@inproceedings{DBLP:conf/wcre/HuZLG16,
  author    = {Yikun Hu and
               Yuanyuan Zhang and
               Juanru Li and
               Dawu Gu},
  title     = {Cross-Architecture Binary Semantics Understanding via Similar Code
               Comparison},
  booktitle = {{IEEE} 23rd International Conference on Software Analysis, Evolution,
               and Reengineering, {SANER} 2016, Suita, Osaka, Japan, March 14-18,
               2016 - Volume 1},
  pages     = {57--67},
  year      = {2016},
  crossref  = {DBLP:conf/wcre/2016},
  url       = {http://dx.doi.org/10.1109/SANER.2016.50},
  doi       = {10.1109/SANER.2016.50},
  timestamp = {Fri, 30 Dec 2016 17:31:39 +0100},
  biburl    = {http://dblp2.uni-trier.de/rec/bib/conf/wcre/HuZLG16},
  bibsource = {dblp computer science bibliography, http://dblp.org}
}

@proceedings{DBLP:conf/wcre/2016,
  title     = {{IEEE} 23rd International Conference on Software Analysis, Evolution,
               and Reengineering, {SANER} 2016, Suita, Osaka, Japan, March 14-18,
               2016 - Volume 1},
  publisher = {{IEEE} Computer Society},
  year      = {2016},
  url       = {http://ieeexplore.ieee.org/xpl/mostRecentIssue.jsp?punumber=7476313},
  isbn      = {978-1-5090-1855-0},
  timestamp = {Fri, 30 Dec 2016 17:27:24 +0100},
  biburl    = {http://dblp2.uni-trier.de/rec/bib/conf/wcre/2016},
  bibsource = {dblp computer science bibliography, http://dblp.org}
}

