%aum gaanathipathaye namaha
%sri rama jeyam

@article{pewnycross,
  title={Cross-Architecture Bug Search in Binary Executables},
  author={Pewny, Jannik and Garmany, Behrad and Gawlik, Robert and Rossow, Christian and Holz, Thorsten}
}

@inproceedings{lakhotia2013fast,
  title={Fast location of similar code fragments using semantic'juice'},
  author={Lakhotia, Arun and Preda, Mila Dalla and Giacobazzi, Roberto},
  booktitle={Proceedings of the 2nd ACM SIGPLAN Program Protection and Reverse Engineering Workshop},
  pages={5},
  year={2013},
  organization={ACM}
}

@incollection{ruttenberg2014identifying,
  title={Identifying Shared Software Components to Support Malware Forensics},
  author={Ruttenberg, Brian and Miles, Craig and Kellogg, Lee and Notani, Vivek and Howard, Michael and LeDoux, Charles and Lakhotia, Arun and Pfeffer, Avi},
  booktitle={Detection of Intrusions and Malware, and Vulnerability Assessment},
  pages={21--40},
  year={2014},
  publisher={Springer}
}