%aum gaanathipathaye namaha
%sri rama jeyam

@article{pewnycross,
  title={Cross-Architecture Bug Search in Binary Executables},
  author={Pewny, Jannik and Garmany, Behrad and Gawlik, Robert and Rossow, Christian and Holz, Thorsten}
}

@inproceedings{lakhotia2013fast,
  title={Fast location of similar code fragments using semantic'juice'},
  author={Lakhotia, Arun and Preda, Mila Dalla and Giacobazzi, Roberto},
  booktitle={Proceedings of the 2nd ACM SIGPLAN Program Protection and Reverse Engineering Workshop},
  pages={5},
  year={2013},
  organization={ACM}
}

@inproceedings{pewny2014leveraging,
  title={Leveraging semantic signatures for bug search in binary programs},
  author={Pewny, Jannik and Schuster, Felix and Bernhard, Lukas and Holz, Thorsten and Rossow, Christian},
  booktitle={Proceedings of the 30th Annual Computer Security Applications Conference},
  pages={406--415},
  year={2014},
  organization={ACM}
}

@misc{jaccardindex,
  title = {Jaccard Index},
  howpublished = {\url{http://en.wikipedia.org/wiki/Jaccard_index}},
  note = {Accessed: 2015-05-12}
}

@inproceedings{david2014tracelet,
  title={Tracelet-based code search in executables},
  author={David, Yaniv and Yahav, Eran},
  booktitle={Proceedings of the 35th ACM SIGPLAN Conference on Programming Language Design and Implementation},
  pages={37},
  year={2014},
  organization={ACM}
}

@inproceedings{luo2014semantics,
  title={Semantics-based obfuscation-resilient binary code similarity comparison with applications to software plagiarism detection},
  author={Luo, Lannan and Ming, Jiang and Wu, Dinghao and Liu, Peng and Zhu, Sencun},
  booktitle={Proceedings of the 22nd ACM SIGSOFT International Symposium on Foundations of Software Engineering},
  pages={389--400},
  year={2014},
  organization={ACM}
}

@article{DBLP:journals/csur/ShahriarZ12,
  author    = {Hossain Shahriar and
               Mohammad Zulkernine},
  title     = {Mitigating program security vulnerabilities: Approaches and challenges},
  journal   = {{ACM} Comput. Surv.},
  volume    = {44},
  number    = {3},
  pages     = {11},
  year      = {2012},
  url       = {http://doi.acm.org/10.1145/2187671.2187673},
  doi       = {10.1145/2187671.2187673},
  timestamp = {Fri, 06 Jul 2012 09:13:48 +0200},
  biburl    = {http://dblp.uni-trier.de/rec/bib/journals/csur/ShahriarZ12},
  bibsource = {dblp computer science bibliography, http://dblp.org}
}

@inproceedings{DBLP:conf/sigsoft/LeeRHK10,
  author    = {Mu{-}Woong Lee and
               Jong{-}Won Roh and
               Seung{-}won Hwang and
               Sunghun Kim},
  title     = {Instant code clone search},
  booktitle = {Proceedings of the 18th {ACM} {SIGSOFT} International Symposium on
               Foundations of Software Engineering, 2010, Santa Fe, NM, USA, November
               7-11, 2010},
  pages     = {167--176},
  year      = {2010},
  crossref  = {DBLP:conf/sigsoft/2010},
  url       = {http://doi.acm.org/10.1145/1882291.1882317},
  doi       = {10.1145/1882291.1882317},
  timestamp = {Fri, 28 Jan 2011 07:43:10 +0100},
  biburl    = {http://dblp.uni-trier.de/rec/bib/conf/sigsoft/LeeRHK10},
  bibsource = {dblp computer science bibliography, http://dblp.org}
}

%CA22
@article{DBLP:journals/tse/KamiyaKI02,
  author    = {Toshihiro Kamiya and
               Shinji Kusumoto and
               Katsuro Inoue},
  title     = {CCFinder: {A} Multilinguistic Token-Based Code Clone Detection System
               for Large Scale Source Code},
  journal   = {{IEEE} Trans. Software Eng.},
  volume    = {28},
  number    = {7},
  pages     = {654--670},
  year      = {2002},
  url       = {http://doi.ieeecomputersociety.org/10.1109/TSE.2002.1019480},
  doi       = {10.1109/TSE.2002.1019480},
  timestamp = {Mon, 07 Nov 2011 16:59:23 +0100},
  biburl    = {http://dblp.uni-trier.de/rec/bib/journals/tse/KamiyaKI02},
  bibsource = {dblp computer science bibliography, http://dblp.org}
}


%CA18
@inproceedings{DBLP:conf/icse/JiangMSG07,
  author    = {Lingxiao Jiang and
               Ghassan Misherghi and
               Zhendong Su and
               St{\'{e}}phane Glondu},
  title     = {{DECKARD:} Scalable and Accurate Tree-Based Detection of Code Clones},
  booktitle = {29th International Conference on Software Engineering {(ICSE} 2007),
               Minneapolis, MN, USA, May 20-26, 2007},
  pages     = {96--105},
  year      = {2007},
  crossref  = {DBLP:conf/icse/2007},
  url       = {http://dx.doi.org/10.1109/ICSE.2007.30},
  doi       = {10.1109/ICSE.2007.30},
  timestamp = {Fri, 07 Aug 2015 13:54:14 +0200},
  biburl    = {http://dblp.uni-trier.de/rec/bib/conf/icse/JiangMSG07},
  bibsource = {dblp computer science bibliography, http://dblp.org}
}

%TR12
@inproceedings{DBLP:conf/uss/JangWB13,
  author    = {Jiyong Jang and
               Maverick Woo and
               David Brumley},
  title     = {Towards Automatic Software Lineage Inference},
  booktitle = {Proceedings of the 22th {USENIX} Security Symposium, Washington, DC,
               USA, August 14-16, 2013},
  pages     = {81--96},
  year      = {2013},
  crossref  = {DBLP:conf/uss/2013},
  url       = {https://www.usenix.org/conference/usenixsecurity13/technical-sessions/papers/jang},
  timestamp = {Tue, 13 May 2014 19:38:39 +0200},
  biburl    = {http://dblp.uni-trier.de/rec/bib/conf/uss/JangWB13},
  bibsource = {dblp computer science bibliography, http://dblp.org}
}

%TR8
@inproceedings{DBLP:conf/dimva/BruschiMM06,
  author    = {Danilo Bruschi and
               Lorenzo Martignoni and
               Mattia Monga},
  title     = {Detecting Self-mutating Malware Using Control-Flow Graph Matching},
  booktitle = {Detection of Intrusions and Malware {\&} Vulnerability Assessment,
               Third International Conference, {DIMVA} 2006, Berlin, Germany, July
               13-14, 2006, Proceedings},
  pages     = {129--143},
  year      = {2006},
  crossref  = {DBLP:conf/dimva/2006},
  url       = {http://dx.doi.org/10.1007/11790754_8},
  doi       = {10.1007/11790754_8},
  timestamp = {Wed, 03 Jan 2007 15:51:27 +0100},
  biburl    = {http://dblp.uni-trier.de/rec/bib/conf/dimva/BruschiMM06},
  bibsource = {dblp computer science bibliography, http://dblp.org}
}

%TR14
@inproceedings{DBLP:conf/raid/KrugelKMRV05,
  author    = {Christopher Kr{\"{u}}gel and
               Engin Kirda and
               Darren Mutz and
               William K. Robertson and
               Giovanni Vigna},
  title     = {Polymorphic Worm Detection Using Structural Information of Executables},
  booktitle = {Recent Advances in Intrusion Detection, 8th International Symposium,
               {RAID} 2005, Seattle, WA, USA, September 7-9, 2005, Revised Papers},
  pages     = {207--226},
  year      = {2005},
  crossref  = {DBLP:conf/raid/2005},
  url       = {http://dx.doi.org/10.1007/11663812_11},
  doi       = {10.1007/11663812_11},
  timestamp = {Mon, 20 Aug 2007 16:56:39 +0200},
  biburl    = {http://dblp.uni-trier.de/rec/bib/conf/raid/KrugelKMRV05},
  bibsource = {dblp computer science bibliography, http://dblp.org}
}

%TR18
@inproceedings{DBLP:conf/esorics/RosenblumZM11,
  author    = {Nathan E. Rosenblum and
               Xiaojin Zhu and
               Barton P. Miller},
  title     = {Who Wrote This Code? Identifying the Authors of Program Binaries},
  booktitle = {Computer Security - {ESORICS} 2011 - 16th European Symposium on Research
               in Computer Security, Leuven, Belgium, September 12-14, 2011. Proceedings},
  pages     = {172--189},
  year      = {2011},
  crossref  = {DBLP:conf/esorics/2011},
  url       = {http://dx.doi.org/10.1007/978-3-642-23822-2_10},
  doi       = {10.1007/978-3-642-23822-2_10},
  timestamp = {Wed, 21 Sep 2011 18:09:00 +0200},
  biburl    = {http://dblp.uni-trier.de/rec/bib/conf/esorics/RosenblumZM11},
  bibsource = {dblp computer science bibliography, http://dblp.org}
}

%TR19
@inproceedings{DBLP:conf/paste/RosenblumMZ10,
  author    = {Nathan E. Rosenblum and
               Barton P. Miller and
               Xiaojin Zhu},
  title     = {Extracting compiler provenance from program binaries},
  booktitle = {Proceedings of the 9th {ACM} {SIGPLAN-SIGSOFT} Workshop on Program
               Analysis for Software Tools and Engineering, PASTE'10, Toronto, Ontario,
               Canada, June 5-6, 2010},
  pages     = {21--28},
  year      = {2010},
  crossref  = {DBLP:conf/paste/2010},
  url       = {http://doi.acm.org/10.1145/1806672.1806678},
  doi       = {10.1145/1806672.1806678},
  timestamp = {Tue, 22 May 2012 15:24:55 +0200},
  biburl    = {http://dblp.uni-trier.de/rec/bib/conf/paste/RosenblumMZ10},
  bibsource = {dblp computer science bibliography, http://dblp.org}
}

%TR
@inproceedings{DBLP:conf/pldi/DavidY14,
  author    = {Yaniv David and
               Eran Yahav},
  title     = {Tracelet-based code search in executables},
  booktitle = {{ACM} {SIGPLAN} Conference on Programming Language Design and Implementation,
               {PLDI} '14, Edinburgh, United Kingdom - June 09 - 11, 2014},
  pages     = {37},
  year      = {2014},
  crossref  = {DBLP:conf/pldi/2014},
  url       = {http://doi.acm.org/10.1145/2594291.2594343},
  doi       = {10.1145/2594291.2594343},
  timestamp = {Sat, 10 May 2014 14:18:27 +0200},
  biburl    = {http://dblp.uni-trier.de/rec/bib/conf/pldi/DavidY14},
  bibsource = {dblp computer science bibliography, http://dblp.org}
}

%BE14
@inproceedings{DBLP:conf/issta/JiangS09,
  author    = {Lingxiao Jiang and
               Zhendong Su},
  title     = {Automatic mining of functionally equivalent code fragments via random
               testing},
  booktitle = {Proceedings of the Eighteenth International Symposium on Software
               Testing and Analysis, {ISSTA} 2009, Chicago, IL, USA, July 19-23,
               2009},
  pages     = {81--92},
  year      = {2009},
  crossref  = {DBLP:conf/issta/2009},
  url       = {http://doi.acm.org/10.1145/1572272.1572283},
  doi       = {10.1145/1572272.1572283},
  timestamp = {Mon, 02 Nov 2009 21:04:52 +0100},
  biburl    = {http://dblp.uni-trier.de/rec/bib/conf/issta/JiangS09},
  bibsource = {dblp computer science bibliography, http://dblp.org}
}

%TR21
@inproceedings{DBLP:conf/asplos/Schkufza0A13,
  author    = {Eric Schkufza and
               Rahul Sharma and
               Alex Aiken},
  title     = {Stochastic superoptimization},
  booktitle = {Architectural Support for Programming Languages and Operating Systems,
               {ASPLOS} '13, Houston, TX, {USA} - March 16 - 20, 2013},
  pages     = {305--316},
  year      = {2013},
  crossref  = {DBLP:conf/asplos/2013},
  url       = {http://doi.acm.org/10.1145/2451116.2451150},
  doi       = {10.1145/2451116.2451150},
  timestamp = {Sat, 16 Mar 2013 16:21:45 +0100},
  biburl    = {http://dblp.uni-trier.de/rec/bib/conf/asplos/Schkufza0A13},
  bibsource = {dblp computer science bibliography, http://dblp.org}
}

%BE13
@inproceedings{DBLP:conf/icse/JhiWJZLW11,
  author    = {Yoon{-}chan Jhi and
               Xinran Wang and
               Xiaoqi Jia and
               Sencun Zhu and
               Peng Liu and
               Dinghao Wu},
  title     = {Value-based program characterization and its application to software
               plagiarism detection},
  booktitle = {Proceedings of the 33rd International Conference on Software Engineering,
               {ICSE} 2011, Waikiki, Honolulu , HI, USA, May 21-28, 2011},
  pages     = {756--765},
  year      = {2011},
  crossref  = {DBLP:conf/icse/2011},
  url       = {http://doi.acm.org/10.1145/1985793.1985899},
  doi       = {10.1145/1985793.1985899},
  timestamp = {Wed, 01 Apr 2015 20:06:21 +0200},
  biburl    = {http://dblp.uni-trier.de/rec/bib/conf/icse/JhiWJZLW11},
  bibsource = {dblp computer science bibliography, http://dblp.org}
}


%BE26
@inproceedings{DBLP:conf/issta/ZhangJWLZ12,
  author    = {Fangfang Zhang and
               Yoon{-}chan Jhi and
               Dinghao Wu and
               Peng Liu and
               Sencun Zhu},
  title     = {A first step towards algorithm plagiarism detection},
  booktitle = {International Symposium on Software Testing and Analysis, {ISSTA}
               2012, Minneapolis, MN, USA, July 15-20, 2012},
  pages     = {111--121},
  year      = {2012},
  crossref  = {DBLP:conf/issta/2012},
  url       = {http://doi.acm.org/10.1145/2338965.2336767},
  doi       = {10.1145/2338965.2336767},
  timestamp = {Wed, 18 Sep 2013 18:20:06 +0200},
  biburl    = {http://dblp.uni-trier.de/rec/bib/conf/issta/ZhangJWLZ12},
  bibsource = {dblp computer science bibliography, http://dblp.org}
}


%BE27
@inproceedings{DBLP:conf/sigsoft/ZhangG05,
  author    = {Xiangyu Zhang and
               Rajiv Gupta},
  title     = {Matching execution histories of program versions},
  booktitle = {Proceedings of the 10th European Software Engineering Conference held
               jointly with 13th {ACM} {SIGSOFT} International Symposium on Foundations
               of Software Engineering, 2005, Lisbon, Portugal, September 5-9, 2005},
  pages     = {197--206},
  year      = {2005},
  crossref  = {DBLP:conf/sigsoft/2005},
  url       = {http://doi.acm.org/10.1145/1081706.1081738},
  doi       = {10.1145/1081706.1081738},
  timestamp = {Wed, 01 Apr 2015 20:06:24 +0200},
  biburl    = {http://dblp.uni-trier.de/rec/bib/conf/sigsoft/ZhangG05},
  bibsource = {dblp computer science bibliography, http://dblp.org}
}

%BE8
%[8] DULLIEN, T., AND ROLLES, R. Graph-based comparison of
%executable objects. In Actes de la Symposium sur la Sécurité des
%Technologies de lInformation et des Communications (2005).

%BE9
@inproceedings{DBLP:conf/dimva/Flake04,
  author    = {Halvar Flake},
  title     = {Structural Comparison of Executable Objects},
  booktitle = {Detection of Intrusions and Malware {\&} Vulnerability Assessment,
               {GI} {SIG} {SIDAR} Workshop, {DIMVA} 2004, Dortmund, Germany, July
               6.7, 2004, Proceedings},
  pages     = {161--173},
  year      = {2004},
  crossref  = {DBLP:conf/dimva/2004},
  url       = {http://subs.emis.de/LNI/Proceedings/Proceedings46/article2970.html},
  timestamp = {Thu, 07 Nov 2013 18:53:11 +0100},
  biburl    = {http://dblp.uni-trier.de/rec/bib/conf/dimva/Flake04},
  bibsource = {dblp computer science bibliography, http://dblp.org}
}

%BE10
@inproceedings{DBLP:conf/icics/GaoRS08,
  author    = {Debin Gao and
               Michael K. Reiter and
               Dawn Xiaodong Song},
  title     = {BinHunt: Automatically Finding Semantic Differences in Binary Programs},
  booktitle = {Information and Communications Security, 10th International Conference,
               {ICICS} 2008, Birmingham, UK, October 20-22, 2008, Proceedings},
  pages     = {238--255},
  year      = {2008},
  crossref  = {DBLP:conf/icics/2008},
  url       = {http://dx.doi.org/10.1007/978-3-540-88625-9_16},
  doi       = {10.1007/978-3-540-88625-9_16},
  timestamp = {Sun, 26 Oct 2008 20:17:55 +0100},
  biburl    = {http://dblp.uni-trier.de/rec/bib/conf/icics/GaoRS08},
  bibsource = {dblp computer science bibliography, http://dblp.org}
}

%BE3
@inproceedings{DBLP:conf/popl/BourquinKR13,
  author    = {Martial Bourquin and
               Andy King and
               Edward Robbins},
  title     = {BinSlayer: accurate comparison of binary executables},
  booktitle = {Proceedings of the 2nd {ACM} {SIGPLAN} Program Protection and Reverse
               Engineering Workshop 2013, PPREW@POPL 2013, January 26, 2013, Rome,
               Italy},
  pages     = {4:1--4:10},
  year      = {2013},
  crossref  = {DBLP:conf/popl/2013pprew},
  url       = {http://doi.acm.org/10.1145/2430553.2430557},
  doi       = {10.1145/2430553.2430557},
  timestamp = {Tue, 02 Jun 2015 18:34:41 +0200},
  biburl    = {http://dblp.uni-trier.de/rec/bib/conf/popl/BourquinKR13},
  bibsource = {dblp computer science bibliography, http://dblp.org}
}

%BE
@inproceedings{DBLP:conf/uss/EgeleWCB14,
  author    = {Manuel Egele and
               Maverick Woo and
               Peter Chapman and
               David Brumley},
  title     = {Blanket Execution: Dynamic Similarity Testing for Program Binaries
               and Components},
  booktitle = {Proceedings of the 23rd {USENIX} Security Symposium, San Diego, CA,
               USA, August 20-22, 2014.},
  pages     = {303--317},
  year      = {2014},
  crossref  = {DBLP:conf/uss/2014},
  url       = {https://www.usenix.org/conference/usenixsecurity14/technical-sessions/presentation/egele},
  timestamp = {Wed, 10 Sep 2014 16:44:18 +0200},
  biburl    = {http://dblp.uni-trier.de/rec/bib/conf/uss/EgeleWCB14},
  bibsource = {dblp computer science bibliography, http://dblp.org}
}


%CA28
@article{DBLP:journals/cacm/MillerFS90,
  author    = {Barton P. Miller and
               Lars Fredriksen and
               Bryan So},
  title     = {An Empirical Study of the Reliability of {UNIX} Utilities},
  journal   = {Commun. {ACM}},
  volume    = {33},
  number    = {12},
  pages     = {32--44},
  year      = {1990},
  url       = {http://doi.acm.org/10.1145/96267.96279},
  doi       = {10.1145/96267.96279},
  timestamp = {Tue, 07 Jun 2011 16:52:08 +0200},
  biburl    = {http://dblp.uni-trier.de/rec/bib/journals/cacm/MillerFS90},
  bibsource = {dblp computer science bibliography, http://dblp.org}
}

%CA25
@inproceedings{DBLP:conf/uss/LivshitsL05,
  author    = {V. Benjamin Livshits and
               Monica S. Lam},
  title     = {Finding Security Vulnerabilities in Java Applications with Static
               Analysis},
  booktitle = {Proceedings of the 14th {USENIX} Security Symposium, Baltimore, MD,
               USA, July 31 - August 5, 2005},
  year      = {2005},
  crossref  = {DBLP:conf/uss/2005},
  url       = {https://www.usenix.org/conference/14th-usenix-security-symposium/finding-security-vulnerabilities-java-applications-static},
  timestamp = {Wed, 14 May 2014 20:09:59 +0200},
  biburl    = {http://dblp.uni-trier.de/rec/bib/conf/uss/LivshitsL05},
  bibsource = {dblp computer science bibliography, http://dblp.org}
}


%CA6
@inproceedings{DBLP:conf/sp/ChaARB12,
  author    = {Sang Kil Cha and
               Thanassis Avgerinos and
               Alexandre Rebert and
               David Brumley},
  title     = {Unleashing Mayhem on Binary Code},
  booktitle = {{IEEE} Symposium on Security and Privacy, {SP} 2012, 21-23 May 2012,
               San Francisco, California, {USA}},
  pages     = {380--394},
  year      = {2012},
  crossref  = {DBLP:conf/sp/2012},
  url       = {http://dx.doi.org/10.1109/SP.2012.31},
  doi       = {10.1109/SP.2012.31},
  timestamp = {Thu, 08 Jan 2015 16:59:45 +0100},
  biburl    = {http://dblp.uni-trier.de/rec/bib/conf/sp/ChaARB12},
  bibsource = {dblp computer science bibliography, http://dblp.org}
}

%CA43
@inproceedings{DBLP:conf/ndss/ZaddachBFB14,
  author    = {Jonas Zaddach and
               Luca Bruno and
               Aur{\'{e}}lien Francillon and
               Davide Balzarotti},
  title     = {{AVATAR:} {A} Framework to Support Dynamic Security Analysis of Embedded
               Systems' Firmwares},
  booktitle = {21st Annual Network and Distributed System Security Symposium, {NDSS}
               2014, San Diego, California, USA, February 23-26, 2014},
  year      = {2014},
  crossref  = {DBLP:conf/ndss/2014},
  url       = {http://www.internetsociety.org/doc/avatar-framework-support-dynamic-security-analysis-embedded-systems%E2%80%99-firmwares},
  timestamp = {Sun, 12 Apr 2015 11:10:30 +0200},
  biburl    = {http://dblp.uni-trier.de/rec/bib/conf/ndss/ZaddachBFB14},
  bibsource = {dblp computer science bibliography, http://dblp.org}
}

%CA
@inproceedings{DBLP:conf/sp/PewnyGGRH15,
  author    = {Jannik Pewny and
               Behrad Garmany and
               Robert Gawlik and
               Christian Rossow and
               Thorsten Holz},
  title     = {Cross-Architecture Bug Search in Binary Executables},
  booktitle = {2015 {IEEE} Symposium on Security and Privacy, {SP} 2015, San Jose,
               CA, USA, May 17-21, 2015},
  pages     = {709--724},
  year      = {2015},
  crossref  = {DBLP:conf/sp/2015},
  url       = {http://dx.doi.org/10.1109/SP.2015.49},
  doi       = {10.1109/SP.2015.49},
  timestamp = {Fri, 24 Jul 2015 12:25:17 +0200},
  biburl    = {http://dblp.uni-trier.de/rec/bib/conf/sp/PewnyGGRH15},
  bibsource = {dblp computer science bibliography, http://dblp.org}
}


@inproceedings{DBLP:conf/icse/GabelJS08,
  author    = {Mark Gabel and
               Lingxiao Jiang and
               Zhendong Su},
  title     = {Scalable detection of semantic clones},
  booktitle = {30th International Conference on Software Engineering {(ICSE} 2008),
               Leipzig, Germany, May 10-18, 2008},
  pages     = {321--330},
  year      = {2008},
  crossref  = {DBLP:conf/icse/2008},
  url       = {http://doi.acm.org/10.1145/1368088.1368132},
  doi       = {10.1145/1368088.1368132},
  timestamp = {Tue, 23 Sep 2008 09:00:49 +0200},
  biburl    = {http://dblp.uni-trier.de/rec/bib/conf/icse/GabelJS08},
  bibsource = {dblp computer science bibliography, http://dblp.org}
}

@inproceedings{DBLP:conf/ndss/NewsomeS05,
  author    = {James Newsome and
               Dawn Xiaodong Song},
  title     = {Dynamic Taint Analysis for Automatic Detection, Analysis, and SignatureGeneration
               of Exploits on Commodity Software},
  booktitle = {Proceedings of the Network and Distributed System Security Symposium,
               {NDSS} 2005, San Diego, California, {USA}},
  year      = {2005},
  crossref  = {DBLP:conf/ndss/2005},
  url       = {http://www.isoc.org/isoc/conferences/ndss/05/proceedings/papers/taintcheck.pdf},
  timestamp = {Thu, 23 Feb 2006 15:03:42 +0100},
  biburl    = {http://dblp.uni-trier.de/rec/bib/conf/ndss/NewsomeS05},
  bibsource = {dblp computer science bibliography, http://dblp.org}
}