%aum gaanathipathaye namaha
%sri rama jeyam


@inproceedings{lakhotia2013fast,
  title={Fast location of similar code fragments using semantic'juice'},
  author={Lakhotia, Arun and Preda, Mila Dalla and Giacobazzi, Roberto},
  booktitle={Proceedings of the 2nd ACM SIGPLAN Program Protection and Reverse Engineering Workshop},
  pages={5},
  year={2013},
  organization={ACM}
}

@misc{hexida,
  title={IDA Pro Disassembler and Debugger},
   howpublished = {\url{https://www.hex-rays.com/index.shtml}},
  author={Hex Rays, SA}
}

@book{martin2003agile,
  title={Agile software development: principles, patterns, and practices},
  author={Martin, Robert Cecil},
  year={2003},
  publisher={Prentice Hall PTR}
}

@incollection{balakrishnan2005wysinwyx,
  title={WYSINWYX: What you see is not what you execute},
  author={Balakrishnan, Gogul and Reps, Tomas and Melski, David and Teitelbaum, Tim},
  booktitle={Verified software: theories, tools, experiments},
  pages={202--213},
  year={2005},
  publisher={Springer}
}
@misc{bingo@fse2016,
  title = {{BinGo: Cross-Architecture Cross-OS Binary Searche}},
  howpublished = "\url{https://sites.google.com/site/bingofse2016/}",
  year = {2016},
  note = "[Online; accessed 11-March-2016]"
}

@inproceedings{raychev2015predicting,
  title={Predicting Program Properties from Big Code},
  author={Raychev, Veselin and Vechev, Martin and Krause, Andreas},
  booktitle={Proceedings of the 42nd Annual ACM SIGPLAN-SIGACT Symposium on Principles of Programming Languages},
  pages={111--124},
  year={2015},
  organization={ACM}
}

@techreport{caballero2009binary,
  title={Binary code extraction and interface identification for security applications},
  author={Caballero, Juan and Johnson, Noah M and McCamant, Stephen and Song, Dawn},
  year={2009},
  institution={DTIC Document}
}

@inproceedings{kim2014reuse,
  title={Reuse-oriented reverse engineering of functional components from x86 binaries},
  author={Kim, Dohyeong and Sumner, William N and Zhang, Xiangyu and Xu, Dongyan and Agrawal, Hira},
  booktitle={Proceedings of the 36th International Conference on Software Engineering},
  pages={1128--1139},
  year={2014},
  organization={ACM}
}

@incollection{ming2015memoized,
  title={Memoized Semantics-Based Binary Diffing with Application to Malware Lineage Inference},
  author={Ming, Jiang and Xu, Dongpeng and Wu, Dinghao},
  booktitle={ICT Systems Security and Privacy Protection},
  pages={416--430},
  year={2015},
  publisher={Springer}
}

@inproceedings{agrawal2010indexing,
  title={On indexing error-tolerant set containment},
  author={Agrawal, Parag and Arasu, Arvind and Kaushik, Raghav},
  booktitle={Proceedings of the 2010 ACM SIGMOD International Conference on Management of data},
  pages={927--938},
  year={2010},
  organization={ACM}
}

@inproceedings{wang2015binary,
  title={Binary Code Continent: Finer-Grained Control Flow Integrity for Stripped Binaries},
  author={Wang, Minghua and Yin, Heng and Bhaskar, Abhishek Vasisht and Su, Purui and Feng, Dengguo},
  booktitle={Proceedings of the 31st Annual Computer Security Applications Conference},
  pages={331--340},
  year={2015},
  organization={ACM}
}


@incollection{bodik1997refining,
  title={Refining data flow information using infeasible paths},
  author={Bodik, Rastislav and Gupta, Rajiv and Soffa, Mary Lou},
  booktitle={Foundation of Software Engineering ESEC/FSE'97},
  pages={361--377},
  year={1997},
  publisher={Springer}
}

@inproceedings{broder1997resemblance,
  title={On the resemblance and containment of documents},
  author={Broder, Andrei Z},
  booktitle={Compression and Complexity of Sequences 1997. Proceedings},
  pages={21--29},
  year={1997},
  organization={IEEE}
}

@incollection{de2008z3,
  title={Z3: An efficient SMT solver},
  author={De Moura, Leonardo and Bj{\o}rner, Nikolaj},
  booktitle={Tools and Algorithms for the Construction and Analysis of Systems},
  pages={337--340},
  year={2008},
  publisher={Springer}
}

@article{chang1992profile,
  title={Profile-guided automatic inline expansion for C programs},
  author={Chang, Pohua P and Mahlke, Scott A and Chen, William Y and Hwu, Wen-Mei W},
  journal={Software: Practice and Experience},
  volume={22},
  number={5},
  pages={349--369},
  year={1992},
  publisher={Wiley Online Library}
}

@book{leskovec2014mining,
  title={Mining of massive datasets},
  author={Leskovec, Jure and Rajaraman, Anand and Ullman, Jeffrey David},
  year={2014},
  publisher={Cambridge University Press}
}

@misc{msbannedfunctioncalls,
  title = {Security Development Lifecycle (SDL) Banned Function Calls},
  howpublished = {\url{https://msdn.microsoft.com/en-us/library/bb288454.aspx}},
  note = {Accessed: 2016-02-29}
}

@inproceedings{allamanis2014learning,
  title={Learning natural coding conventions},
  author={Allamanis, Miltiadis and Barr, Earl T and Bird, Christian and Sutton, Charles},
  booktitle={Proceedings of the 22nd ACM SIGSOFT International Symposium on Foundations of Software Engineering},
  pages={281--293},
  year={2014},
  organization={ACM}
}

@inproceedings{sebastian2016discovre,
  title={discovRE: Efficient Cross-Architecture Identification of Bugs in Binary Code},
  author={Sebastian, Eschweiler and Khaled, Yakdan and Elmar, Gerhards-Padilla},
  booktitle={In Proceedings of the 23nd Network and Distributed System Security Symposium},
  year={2016},
  organization={NDSS}
}

@inproceedings{pewny2014leveraging,
  title={Leveraging semantic signatures for bug search in binary programs},
  author={Pewny, Jannik and Schuster, Felix and Bernhard, Lukas and Holz, Thorsten and Rossow, Christian},
  booktitle={Proceedings of the 30th Annual Computer Security Applications Conference},
  pages={406--415},
  year={2014},
  organization={ACM}
}

@inproceedings{nguyen2013lexical,
  title={Lexical statistical machine translation for language migration},
  author={Nguyen, Anh Tuan and Nguyen, Tung Thanh and Nguyen, Tien N},
  booktitle={Proceedings of the 2013 9th Joint Meeting on Foundations of Software Engineering},
  pages={651--654},
  year={2013},
  organization={ACM}
}

@inproceedings{karaivanov2014phrase,
  title={Phrase-based statistical translation of programming languages},
  author={Karaivanov, Svetoslav and Raychev, Veselin and Vechev, Martin},
  booktitle={Proceedings of the 2014 ACM International Symposium on New Ideas, New Paradigms, and Reflections on Programming \& Software},
  pages={173--184},
  year={2014},
  organization={ACM}
}

@inproceedings{rapps1982data,
  title={Data flow analysis techniques for test data selection},
  author={Rapps, Sandra and Weyuker, Elaine J},
  booktitle={Proceedings of the 6th international conference on Software engineering},
  pages={272--278},
  year={1982},
  organization={IEEE Computer Society Press}
}

@article{fog2009calling,
  title={Calling conventions for different C++ compilers and operating systems},
  author={Fog, Agner},
  journal={Copenhagen University College of Engineering},
  year={2009}
}

@inproceedings{Srinivasan2015synthesis,
 author = {Srinivasan, Venkatesh and Reps, Thomas},
 title = {Synthesis of Machine Code from Semantics},
 booktitle = {Proceedings of the 36th ACM SIGPLAN Conference on Programming Language Design and Implementation},
 series = {PLDI 2015},
 year = {2015},
 isbn = {978-1-4503-3468-6},
 location = {Portland, OR, USA},
 pages = {596--607},
 numpages = {12},
 url = {http://doi.acm.org/10.1145/2737924.2737960},
 doi = {10.1145/2737924.2737960},
 acmid = {2737960},
 publisher = {ACM},
 address = {New York, NY, USA},
 keywords = {CEGIS, IA-32 instruction set, Machine-code synthesis, SMT, divide-and-conquer},
}


@inproceedings{brumley2011bap,
  title={BAP: a binary analysis platform},
  author={Brumley, David and Jager, Ivan and Avgerinos, Thanassis and Schwartz, Edward J},
  booktitle={Computer aided verification},
  pages={463--469},
  year={2011},
  organization={Springer}
}

@inproceedings{kruegel2005polymorphic,
  title={Polymorphic worm detection using structural information of executables},
  author={Kruegel, Christopher and Kirda, Engin and Mutz, Darren and Robertson, William and Vigna, Giovanni},
  booktitle={Recent Advances in Intrusion Detection},
  pages={207--226},
  year={2005},
  organization={Springer}
}

@inproceedings{rosenblum2008learning,
  title={Learning to Analyze Binary Computer Code.},
  author={Rosenblum, Nathan E and Zhu, Xiaojin and Miller, Barton P and Hunt, Karen},
  booktitle={AAAI},
  pages={798--804},
  year={2008}
}


@inproceedings{bao2014byteweight,
  title={Byteweight: Learning to recognize functions in binary code},
  author={Bao, Tiffany and Burket, Jonathan and Woo, Maverick and Turner, Rafael and Brumley, David},
  booktitle={USENIX Security Symposium},
  year={2014}
}
@inproceedings{lakhotia2004abstracting,
  title={Abstracting stack to detect obfuscated calls in binaries},
  author={Lakhotia, Arun and Kumar, Eric Uday},
  booktitle={Source Code Analysis and Manipulation, 2004. Fourth IEEE International Workshop on},
  pages={17--26},
  year={2004},
  organization={IEEE}
}

@inproceedings{rosenblum2011recovering,
  title={Recovering the toolchain provenance of binary code},
  author={Rosenblum, Nathan and Miller, Barton P and Zhu, Xiaojin},
  booktitle={Proceedings of the 2011 International Symposium on Software Testing and Analysis},
  pages={100--110},
  year={2011},
  organization={ACM}
}

@article{cha2007comprehensive,
  title={Comprehensive survey on distance/similarity measures between probability density functions},
  author={Cha, Sung-Hyuk},
  journal={City},
  volume={1},
  number={2},
  pages={1},
  year={2007}
}

@misc{jaccardindex,
  title = {Jaccard Index},
  howpublished = {\url{http://en.wikipedia.org/wiki/Jaccard_index}},
  note = {Accessed: 2015-05-12}
}

%@inproceedings{david2014tracelet,
%  title={Tracelet-based code search in executables},
%  author={David, Yaniv and Yahav, Eran},
%  booktitle={Proceedings of the 35th ACM SIGPLAN Conference on Programming Language Design and Implementation},
%  pages={37},
%  year={2014},
%  organization={ACM}
%}

@inproceedings{hindle2012naturalness,
  title={On the naturalness of software},
  author={Hindle, Abram and Barr, Earl T and Su, Zhendong and Gabel, Mark and Devanbu, Premkumar},
  booktitle={Software Engineering (ICSE), 2012 34th International Conference on},
  pages={837--847},
  year={2012},
  organization={IEEE}
}

@inproceedings{balakrishnan2007divine,
  title={Divine: Discovering variables in executables},
  author={Balakrishnan, Gogul and Reps, Thomas},
  booktitle={Verification, Model Checking, and Abstract Interpretation},
  pages={1--28},
  year={2007},
  organization={Springer}
}

@article{pincus2004beyond,
  title={Beyond stack smashing: Recent advances in exploiting buffer overruns},
  author={Pincus, Jonathan and Baker, Brandon},
  journal={Security \& Privacy, IEEE},
  volume={2},
  number={4},
  pages={20--27},
  year={2004},
  publisher={IEEE}
}

@inproceedings{allamanis2014mining,
  title={Mining idioms from source code},
  author={Allamanis, Miltiadis and Sutton, Charles},
  booktitle={Proceedings of the 22nd ACM SIGSOFT International Symposium on Foundations of Software Engineering},
  pages={472--483},
  year={2014},
  organization={ACM}
}

@inproceedings{luo2014semantics,
  title={Semantics-based obfuscation-resilient binary code similarity comparison with applications to software plagiarism detection},
  author={Luo, Lannan and Ming, Jiang and Wu, Dinghao and Liu, Peng and Zhu, Sencun},
  booktitle={Proceedings of the 22nd ACM SIGSOFT International Symposium on Foundations of Software Engineering},
  pages={389--400},
  year={2014},
  organization={ACM}
}

@inproceedings{egele2014blanket,
  title={Blanket execution: Dynamic similarity testing for program binaries and components},
  author={Egele, Manuel and Woo, Maverick and Chapman, Peter and Brumley, David},
  booktitle={USENIX Security Symposium},
  year={2014}
}

@article{lim2011symbolic,
  title={Symbolic analysis via semantic reinterpretation},
  author={Lim, Junghee and Lal, Akash and Reps, Thomas},
  journal={International Journal on Software Tools for Technology Transfer},
  volume={13},
  number={1},
  pages={61--87},
  year={2011},
  publisher={Springer}
}


@inproceedings{jang2011bitshred,
  title={Bitshred: feature hashing malware for scalable triage and semantic analysis},
  author={Jang, Jiyong and Brumley, David and Venkataraman, Shobha},
  booktitle={Proceedings of the 18th ACM conference on Computer and communications security},
  pages={309--320},
  year={2011},
  organization={ACM}
}

@inproceedings{de2015micro,
  title={Micro-policies: A framework for verified, tag-based security monitors},
  author={de Amorim, Arthur Azevedo and Giannarakis, Maxime D{\'e}nes1 Nick and Hritcu, Catalin and Pierce, Benjamin C and Spector-Zabusky, Antal and Tolmach, Andrew},
  booktitle={IEEE Symposium on Security and Privacy},
  year={2015}
}


@article{dullien2009reil,
  title={REIL: A platform-independent intermediate representation of disassembled code for static code analysis},
  author={Dullien, Thomas and Porst, Sebastian},
  journal={Proceeding of CanSecWest},
  year={2009}
}

@article{DBLP:journals/csur/ShahriarZ12,
  author    = {Hossain Shahriar and
               Mohammad Zulkernine},
  title     = {Mitigating program security vulnerabilities: Approaches and challenges},
  journal   = {{ACM} Comput. Surv.},
  volume    = {44},
  number    = {3},
  pages     = {11},
  year      = {2012},
  url       = {http://doi.acm.org/10.1145/2187671.2187673},
  doi       = {10.1145/2187671.2187673},
  timestamp = {Fri, 06 Jul 2012 09:13:48 +0200},
  biburl    = {http://dblp.uni-trier.de/rec/bib/journals/csur/ShahriarZ12},
  bibsource = {dblp computer science bibliography, http://dblp.org}
}

@inproceedings{DBLP:conf/sigsoft/LeeRHK10,
  author    = {Mu{-}Woong Lee and
               Jong{-}Won Roh and
               Seung{-}won Hwang and
               Sunghun Kim},
  title     = {Instant code clone search},
  booktitle = {Proceedings of the 18th {ACM} {SIGSOFT} International Symposium on
               Foundations of Software Engineering, 2010, Santa Fe, NM, USA, November
               7-11, 2010},
  pages     = {167--176},
  year      = {2010},
  crossref  = {DBLP:conf/sigsoft/2010},
  url       = {http://doi.acm.org/10.1145/1882291.1882317},
  doi       = {10.1145/1882291.1882317},
  timestamp = {Fri, 28 Jan 2011 07:43:10 +0100},
  biburl    = {http://dblp.uni-trier.de/rec/bib/conf/sigsoft/LeeRHK10},
  bibsource = {dblp computer science bibliography, http://dblp.org}
}

%CA22
@article{DBLP:journals/tse/KamiyaKI02,
  author    = {Toshihiro Kamiya and
               Shinji Kusumoto and
               Katsuro Inoue},
  title     = {CCFinder: {A} Multilinguistic Token-Based Code Clone Detection System
               for Large Scale Source Code},
  journal   = {{IEEE} Trans. Software Eng.},
  volume    = {28},
  number    = {7},
  pages     = {654--670},
  year      = {2002},
  url       = {http://doi.ieeecomputersociety.org/10.1109/TSE.2002.1019480},
  doi       = {10.1109/TSE.2002.1019480},
  timestamp = {Mon, 07 Nov 2011 16:59:23 +0100},
  biburl    = {http://dblp.uni-trier.de/rec/bib/journals/tse/KamiyaKI02},
  bibsource = {dblp computer science bibliography, http://dblp.org}
}

@inproceedings{saebjornsen2009detecting,
  title={Detecting code clones in binary executables},
  author={S{\ae}bj{\o}rnsen, Andreas and Willcock, Jeremiah and Panas, Thomas and Quinlan, Daniel and Su, Zhendong},
  booktitle={Proceedings of the eighteenth international symposium on Software testing and analysis},
  pages={117--128},
  year={2009},
  organization={ACM}
}

%CA18
@inproceedings{DBLP:conf/icse/JiangMSG07,
  author    = {Lingxiao Jiang and
               Ghassan Misherghi and
               Zhendong Su and
               St{\'{e}}phane Glondu},
  title     = {{DECKARD:} Scalable and Accurate Tree-Based Detection of Code Clones},
  booktitle = {29th International Conference on Software Engineering {(ICSE} 2007),
               Minneapolis, MN, USA, May 20-26, 2007},
  pages     = {96--105},
  year      = {2007},
  crossref  = {DBLP:conf/icse/2007},
  url       = {http://dx.doi.org/10.1109/ICSE.2007.30},
  doi       = {10.1109/ICSE.2007.30},
  timestamp = {Fri, 07 Aug 2015 13:54:14 +0200},
  biburl    = {http://dblp.uni-trier.de/rec/bib/conf/icse/JiangMSG07},
  bibsource = {dblp computer science bibliography, http://dblp.org}
}

%TR12
@inproceedings{DBLP:conf/uss/JangWB13,
  author    = {Jiyong Jang and
               Maverick Woo and
               David Brumley},
  title     = {Towards Automatic Software Lineage Inference},
  booktitle = {Proceedings of the 22th {USENIX} Security Symposium, Washington, DC,
               USA, August 14-16, 2013},
  pages     = {81--96},
  year      = {2013},
  crossref  = {DBLP:conf/uss/2013},
  url       = {https://www.usenix.org/conference/usenixsecurity13/technical-sessions/papers/jang},
  timestamp = {Tue, 13 May 2014 19:38:39 +0200},
  biburl    = {http://dblp.uni-trier.de/rec/bib/conf/uss/JangWB13},
  bibsource = {dblp computer science bibliography, http://dblp.org}
}

%TR8
@inproceedings{DBLP:conf/dimva/BruschiMM06,
  author    = {Danilo Bruschi and
               Lorenzo Martignoni and
               Mattia Monga},
  title     = {Detecting Self-mutating Malware Using Control-Flow Graph Matching},
  booktitle = {Detection of Intrusions and Malware {\&} Vulnerability Assessment,
               Third International Conference, {DIMVA} 2006, Berlin, Germany, July
               13-14, 2006, Proceedings},
  pages     = {129--143},
  year      = {2006},
  crossref  = {DBLP:conf/dimva/2006},
  url       = {http://dx.doi.org/10.1007/11790754_8},
  doi       = {10.1007/11790754_8},
  timestamp = {Wed, 03 Jan 2007 15:51:27 +0100},
  biburl    = {http://dblp.uni-trier.de/rec/bib/conf/dimva/BruschiMM06},
  bibsource = {dblp computer science bibliography, http://dblp.org}
}

%TR14
@inproceedings{DBLP:conf/raid/KrugelKMRV05,
  author    = {Christopher Kr{\"{u}}gel and
               Engin Kirda and
               Darren Mutz and
               William K. Robertson and
               Giovanni Vigna},
  title     = {Polymorphic Worm Detection Using Structural Information of Executables},
  booktitle = {Recent Advances in Intrusion Detection, 8th International Symposium,
               {RAID} 2005, Seattle, WA, USA, September 7-9, 2005, Revised Papers},
  pages     = {207--226},
  year      = {2005},
  crossref  = {DBLP:conf/raid/2005},
  url       = {http://dx.doi.org/10.1007/11663812_11},
  doi       = {10.1007/11663812_11},
  timestamp = {Mon, 20 Aug 2007 16:56:39 +0200},
  biburl    = {http://dblp.uni-trier.de/rec/bib/conf/raid/KrugelKMRV05},
  bibsource = {dblp computer science bibliography, http://dblp.org}
}

%TR18
@inproceedings{DBLP:conf/esorics/RosenblumZM11,
  author    = {Nathan E. Rosenblum and
               Xiaojin Zhu and
               Barton P. Miller},
  title     = {Who Wrote This Code? Identifying the Authors of Program Binaries},
  booktitle = {Computer Security - {ESORICS} 2011 - 16th European Symposium on Research
               in Computer Security, Leuven, Belgium, September 12-14, 2011. Proceedings},
  pages     = {172--189},
  year      = {2011},
  crossref  = {DBLP:conf/esorics/2011},
  url       = {http://dx.doi.org/10.1007/978-3-642-23822-2_10},
  doi       = {10.1007/978-3-642-23822-2_10},
  timestamp = {Wed, 21 Sep 2011 18:09:00 +0200},
  biburl    = {http://dblp.uni-trier.de/rec/bib/conf/esorics/RosenblumZM11},
  bibsource = {dblp computer science bibliography, http://dblp.org}
}

%TR19
@inproceedings{DBLP:conf/paste/RosenblumMZ10,
  author    = {Nathan E. Rosenblum and
               Barton P. Miller and
               Xiaojin Zhu},
  title     = {Extracting compiler provenance from program binaries},
  booktitle = {Proceedings of the 9th {ACM} {SIGPLAN-SIGSOFT} Workshop on Program
               Analysis for Software Tools and Engineering, PASTE'10, Toronto, Ontario,
               Canada, June 5-6, 2010},
  pages     = {21--28},
  year      = {2010},
  crossref  = {DBLP:conf/paste/2010},
  url       = {http://doi.acm.org/10.1145/1806672.1806678},
  doi       = {10.1145/1806672.1806678},
  timestamp = {Tue, 22 May 2012 15:24:55 +0200},
  biburl    = {http://dblp.uni-trier.de/rec/bib/conf/paste/RosenblumMZ10},
  bibsource = {dblp computer science bibliography, http://dblp.org}
}

%TR
@inproceedings{DBLP:conf/pldi/DavidY14,
  author    = {Yaniv David and
               Eran Yahav},
  title     = {Tracelet-based code search in executables},
  booktitle = {{ACM} {SIGPLAN} Conference on Programming Language Design and Implementation,
               {PLDI} '14, Edinburgh, United Kingdom - June 09 - 11, 2014},
  pages     = {37},
  year      = {2014},
  crossref  = {DBLP:conf/pldi/2014},
  url       = {http://doi.acm.org/10.1145/2594291.2594343},
  doi       = {10.1145/2594291.2594343},
  timestamp = {Sat, 10 May 2014 14:18:27 +0200},
  biburl    = {http://dblp.uni-trier.de/rec/bib/conf/pldi/DavidY14},
  bibsource = {dblp computer science bibliography, http://dblp.org}
}

%BE14
@inproceedings{DBLP:conf/issta/JiangS09,
  author    = {Lingxiao Jiang and
               Zhendong Su},
  title     = {Automatic mining of functionally equivalent code fragments via random
               testing},
  booktitle = {Proceedings of the Eighteenth International Symposium on Software
               Testing and Analysis, {ISSTA} 2009, Chicago, IL, USA, July 19-23,
               2009},
  pages     = {81--92},
  year      = {2009},
  crossref  = {DBLP:conf/issta/2009},
  url       = {http://doi.acm.org/10.1145/1572272.1572283},
  doi       = {10.1145/1572272.1572283},
  timestamp = {Mon, 02 Nov 2009 21:04:52 +0100},
  biburl    = {http://dblp.uni-trier.de/rec/bib/conf/issta/JiangS09},
  bibsource = {dblp computer science bibliography, http://dblp.org}
}

%TR21
@inproceedings{DBLP:conf/asplos/Schkufza0A13,
  author    = {Eric Schkufza and
               Rahul Sharma and
               Alex Aiken},
  title     = {Stochastic superoptimization},
  booktitle = {Architectural Support for Programming Languages and Operating Systems,
               {ASPLOS} '13, Houston, TX, {USA} - March 16 - 20, 2013},
  pages     = {305--316},
  year      = {2013},
  crossref  = {DBLP:conf/asplos/2013},
  url       = {http://doi.acm.org/10.1145/2451116.2451150},
  doi       = {10.1145/2451116.2451150},
  timestamp = {Sat, 16 Mar 2013 16:21:45 +0100},
  biburl    = {http://dblp.uni-trier.de/rec/bib/conf/asplos/Schkufza0A13},
  bibsource = {dblp computer science bibliography, http://dblp.org}
}

%BE13
@inproceedings{DBLP:conf/icse/JhiWJZLW11,
  author    = {Yoon{-}chan Jhi and
               Xinran Wang and
               Xiaoqi Jia and
               Sencun Zhu and
               Peng Liu and
               Dinghao Wu},
  title     = {Value-based program characterization and its application to software
               plagiarism detection},
  booktitle = {Proceedings of the 33rd International Conference on Software Engineering,
               {ICSE} 2011, Waikiki, Honolulu , HI, USA, May 21-28, 2011},
  pages     = {756--765},
  year      = {2011},
  crossref  = {DBLP:conf/icse/2011},
  url       = {http://doi.acm.org/10.1145/1985793.1985899},
  doi       = {10.1145/1985793.1985899},
  timestamp = {Wed, 01 Apr 2015 20:06:21 +0200},
  biburl    = {http://dblp.uni-trier.de/rec/bib/conf/icse/JhiWJZLW11},
  bibsource = {dblp computer science bibliography, http://dblp.org}
}


%BE26
@inproceedings{DBLP:conf/issta/ZhangJWLZ12,
  author    = {Fangfang Zhang and
               Yoon{-}chan Jhi and
               Dinghao Wu and
               Peng Liu and
               Sencun Zhu},
  title     = {A first step towards algorithm plagiarism detection},
  booktitle = {International Symposium on Software Testing and Analysis, {ISSTA}
               2012, Minneapolis, MN, USA, July 15-20, 2012},
  pages     = {111--121},
  year      = {2012},
  crossref  = {DBLP:conf/issta/2012},
  url       = {http://doi.acm.org/10.1145/2338965.2336767},
  doi       = {10.1145/2338965.2336767},
  timestamp = {Wed, 18 Sep 2013 18:20:06 +0200},
  biburl    = {http://dblp.uni-trier.de/rec/bib/conf/issta/ZhangJWLZ12},
  bibsource = {dblp computer science bibliography, http://dblp.org}
}


%BE27
@inproceedings{DBLP:conf/sigsoft/ZhangG05,
  author    = {Xiangyu Zhang and
               Rajiv Gupta},
  title     = {Matching execution histories of program versions},
  booktitle = {Proceedings of the 10th European Software Engineering Conference held
               jointly with 13th {ACM} {SIGSOFT} International Symposium on Foundations
               of Software Engineering, 2005, Lisbon, Portugal, September 5-9, 2005},
  pages     = {197--206},
  year      = {2005},
  crossref  = {DBLP:conf/sigsoft/2005},
  url       = {http://doi.acm.org/10.1145/1081706.1081738},
  doi       = {10.1145/1081706.1081738},
  timestamp = {Wed, 01 Apr 2015 20:06:24 +0200},
  biburl    = {http://dblp.uni-trier.de/rec/bib/conf/sigsoft/ZhangG05},
  bibsource = {dblp computer science bibliography, http://dblp.org}
}

%BE8
%[8] DULLIEN, T., AND ROLLES, R. Graph-based comparison of
%executable objects. In Actes de la Symposium sur la Sécurité des
%Technologies de lInformation et des Communications (2005).

%BE9
@inproceedings{DBLP:conf/dimva/Flake04,
  author    = {Halvar Flake},
  title     = {Structural Comparison of Executable Objects},
  booktitle = {Detection of Intrusions and Malware {\&} Vulnerability Assessment,
               {GI} {SIG} {SIDAR} Workshop, {DIMVA} 2004, Dortmund, Germany, July
               6.7, 2004, Proceedings},
  pages     = {161--173},
  year      = {2004},
  crossref  = {DBLP:conf/dimva/2004},
  url       = {http://subs.emis.de/LNI/Proceedings/Proceedings46/article2970.html},
  timestamp = {Thu, 07 Nov 2013 18:53:11 +0100},
  biburl    = {http://dblp.uni-trier.de/rec/bib/conf/dimva/Flake04},
  bibsource = {dblp computer science bibliography, http://dblp.org}
}

%BE10
@inproceedings{DBLP:conf/icics/GaoRS08,
  author    = {Debin Gao and
               Michael K. Reiter and
               Dawn Xiaodong Song},
  title     = {BinHunt: Automatically Finding Semantic Differences in Binary Programs},
  booktitle = {Information and Communications Security, 10th International Conference,
               {ICICS} 2008, Birmingham, UK, October 20-22, 2008, Proceedings},
  pages     = {238--255},
  year      = {2008},
  crossref  = {DBLP:conf/icics/2008},
  url       = {http://dx.doi.org/10.1007/978-3-540-88625-9_16},
  doi       = {10.1007/978-3-540-88625-9_16},
  timestamp = {Sun, 26 Oct 2008 20:17:55 +0100},
  biburl    = {http://dblp.uni-trier.de/rec/bib/conf/icics/GaoRS08},
  bibsource = {dblp computer science bibliography, http://dblp.org}
}

%BE3
@inproceedings{DBLP:conf/popl/BourquinKR13,
  author    = {Martial Bourquin and
               Andy King and
               Edward Robbins},
  title     = {BinSlayer: accurate comparison of binary executables},
  booktitle = {Proceedings of the 2nd {ACM} {SIGPLAN} Program Protection and Reverse
               Engineering Workshop 2013, PPREW@POPL 2013, January 26, 2013, Rome,
               Italy},
  pages     = {4:1--4:10},
  year      = {2013},
  crossref  = {DBLP:conf/popl/2013pprew},
  url       = {http://doi.acm.org/10.1145/2430553.2430557},
  doi       = {10.1145/2430553.2430557},
  timestamp = {Tue, 02 Jun 2015 18:34:41 +0200},
  biburl    = {http://dblp.uni-trier.de/rec/bib/conf/popl/BourquinKR13},
  bibsource = {dblp computer science bibliography, http://dblp.org}
}

%%BE
%@inproceedings{DBLP:conf/uss/EgeleWCB14,
%  author    = {Manuel Egele and
%               Maverick Woo and
%               Peter Chapman and
%               David Brumley},
%  title     = {Blanket Execution: Dynamic Similarity Testing for Program Binaries
%               and Components},
%  booktitle = {Proceedings of the 23rd {USENIX} Security Symposium, San Diego, CA,
%               USA, August 20-22, 2014.},
%  pages     = {303--317},
%  year      = {2014},
%  crossref  = {DBLP:conf/uss/2014},
%  url       = {https://www.usenix.org/conference/usenixsecurity14/technical-sessions/presentation/egele},
%  timestamp = {Wed, 10 Sep 2014 16:44:18 +0200},
%  biburl    = {http://dblp.uni-trier.de/rec/bib/conf/uss/EgeleWCB14},
%  bibsource = {dblp computer science bibliography, http://dblp.org}
%}


%CA28
@article{DBLP:journals/cacm/MillerFS90,
  author    = {Barton P. Miller and
               Lars Fredriksen and
               Bryan So},
  title     = {An Empirical Study of the Reliability of {UNIX} Utilities},
  journal   = {Commun. {ACM}},
  volume    = {33},
  number    = {12},
  pages     = {32--44},
  year      = {1990},
  url       = {http://doi.acm.org/10.1145/96267.96279},
  doi       = {10.1145/96267.96279},
  timestamp = {Tue, 07 Jun 2011 16:52:08 +0200},
  biburl    = {http://dblp.uni-trier.de/rec/bib/journals/cacm/MillerFS90},
  bibsource = {dblp computer science bibliography, http://dblp.org}
}

%CA25
@inproceedings{DBLP:conf/uss/LivshitsL05,
  author    = {V. Benjamin Livshits and
               Monica S. Lam},
  title     = {Finding Security Vulnerabilities in Java Applications with Static
               Analysis},
  booktitle = {Proceedings of the 14th {USENIX} Security Symposium, Baltimore, MD,
               USA, July 31 - August 5, 2005},
  year      = {2005},
  crossref  = {DBLP:conf/uss/2005},
  url       = {https://www.usenix.org/conference/14th-usenix-security-symposium/finding-security-vulnerabilities-java-applications-static},
  timestamp = {Wed, 14 May 2014 20:09:59 +0200},
  biburl    = {http://dblp.uni-trier.de/rec/bib/conf/uss/LivshitsL05},
  bibsource = {dblp computer science bibliography, http://dblp.org}
}


%CA6
@inproceedings{DBLP:conf/sp/ChaARB12,
  author    = {Sang Kil Cha and
               Thanassis Avgerinos and
               Alexandre Rebert and
               David Brumley},
  title     = {Unleashing Mayhem on Binary Code},
  booktitle = {{IEEE} Symposium on Security and Privacy, {SP} 2012, 21-23 May 2012,
               San Francisco, California, {USA}},
  pages     = {380--394},
  year      = {2012},
  crossref  = {DBLP:conf/sp/2012},
  url       = {http://dx.doi.org/10.1109/SP.2012.31},
  doi       = {10.1109/SP.2012.31},
  timestamp = {Thu, 08 Jan 2015 16:59:45 +0100},
  biburl    = {http://dblp.uni-trier.de/rec/bib/conf/sp/ChaARB12},
  bibsource = {dblp computer science bibliography, http://dblp.org}
}

%CA43
@inproceedings{DBLP:conf/ndss/ZaddachBFB14,
  author    = {Jonas Zaddach and
               Luca Bruno and
               Aur{\'{e}}lien Francillon and
               Davide Balzarotti},
  title     = {{AVATAR:} {A} Framework to Support Dynamic Security Analysis of Embedded
               Systems' Firmwares},
  booktitle = {21st Annual Network and Distributed System Security Symposium, {NDSS}
               2014, San Diego, California, USA, February 23-26, 2014},
  year      = {2014},
  crossref  = {DBLP:conf/ndss/2014},
  url       = {http://www.internetsociety.org/doc/avatar-framework-support-dynamic-security-analysis-embedded-systems%E2%80%99-firmwares},
  timestamp = {Sun, 12 Apr 2015 11:10:30 +0200},
  biburl    = {http://dblp.uni-trier.de/rec/bib/conf/ndss/ZaddachBFB14},
  bibsource = {dblp computer science bibliography, http://dblp.org}
}

%CA
@inproceedings{DBLP:conf/sp/PewnyGGRH15,
  author    = {Jannik Pewny and
               Behrad Garmany and
               Robert Gawlik and
               Christian Rossow and
               Thorsten Holz},
  title     = {Cross-Architecture Bug Search in Binary Executables},
  booktitle = {2015 {IEEE} Symposium on Security and Privacy, {SP} 2015, San Jose,
               CA, USA, May 17-21, 2015},
  pages     = {709--724},
  year      = {2015},
  crossref  = {DBLP:conf/sp/2015},
  url       = {http://dx.doi.org/10.1109/SP.2015.49},
  doi       = {10.1109/SP.2015.49},
  timestamp = {Fri, 24 Jul 2015 12:25:17 +0200},
  biburl    = {http://dblp.uni-trier.de/rec/bib/conf/sp/PewnyGGRH15},
  bibsource = {dblp computer science bibliography, http://dblp.org}
}


@inproceedings{DBLP:conf/icse/GabelJS08,
  author    = {Mark Gabel and
               Lingxiao Jiang and
               Zhendong Su},
  title     = {Scalable detection of semantic clones},
  booktitle = {30th International Conference on Software Engineering {(ICSE} 2008),
               Leipzig, Germany, May 10-18, 2008},
  pages     = {321--330},
  year      = {2008},
  crossref  = {DBLP:conf/icse/2008},
  url       = {http://doi.acm.org/10.1145/1368088.1368132},
  doi       = {10.1145/1368088.1368132},
  timestamp = {Tue, 23 Sep 2008 09:00:49 +0200},
  biburl    = {http://dblp.uni-trier.de/rec/bib/conf/icse/GabelJS08},
  bibsource = {dblp computer science bibliography, http://dblp.org}
}

@inproceedings{DBLP:conf/ndss/NewsomeS05,
  author    = {James Newsome and
               Dawn Xiaodong Song},
  title     = {Dynamic Taint Analysis for Automatic Detection, Analysis, and SignatureGeneration
               of Exploits on Commodity Software},
  booktitle = {Proceedings of the Network and Distributed System Security Symposium,
               {NDSS} 2005, San Diego, California, {USA}},
  year      = {2005},
  crossref  = {DBLP:conf/ndss/2005},
  url       = {http://www.isoc.org/isoc/conferences/ndss/05/proceedings/papers/taintcheck.pdf},
  timestamp = {Thu, 23 Feb 2006 15:03:42 +0100},
  biburl    = {http://dblp.uni-trier.de/rec/bib/conf/ndss/NewsomeS05},
  bibsource = {dblp computer science bibliography, http://dblp.org}
}

@inproceedings{DBLP:conf/pldi/DavidPY16,
  author    = {Yaniv David and
               Nimrod Partush and
               Eran Yahav},
  title     = {Statistical similarity of binaries},
  booktitle = {Proceedings of the 37th {ACM} {SIGPLAN} Conference on Programming
               Language Design and Implementation, {PLDI} 2016, Santa Barbara, CA,
               USA, June 13-17, 2016},
  pages     = {266--280},
  year      = {2016},
  crossref  = {DBLP:conf/pldi/2016},
  url       = {http://doi.acm.org/10.1145/2908080.2908126},
  doi       = {10.1145/2908080.2908126},
  timestamp = {Mon, 06 Jun 2016 12:11:24 +0200},
  biburl    = {http://dblp.uni-trier.de/rec/bib/conf/pldi/DavidPY16},
  bibsource = {dblp computer science bibliography, http://dblp.org}
}

@inproceedings{DBLP:conf/issta/CanaliLBKCK12,
  author    = {Davide Canali and
               Andrea Lanzi and
               Davide Balzarotti and
               Christopher Kruegel and
               Mihai Christodorescu and
               Engin Kirda},
  title     = {A quantitative study of accuracy in system call-based malware detection},
  booktitle = {International Symposium on Software Testing and Analysis, {ISSTA}
               2012, Minneapolis, MN, USA, July 15-20, 2012},
  pages     = {122--132},
  year      = {2012},
  crossref  = {DBLP:conf/issta/2012},
  url       = {http://doi.acm.org/10.1145/2338965.2336768},
  doi       = {10.1145/2338965.2336768},
  timestamp = {Sun, 09 Sep 2012 16:49:36 +0200},
  biburl    = {http://dblp.uni-trier.de/rec/bib/conf/issta/CanaliLBKCK12},
  bibsource = {dblp computer science bibliography, http://dblp.org}
}

@inproceedings{DBLP:conf/icse/ChenLZ14,
  author    = {Kai Chen and
               Peng Liu and
               Yingjun Zhang},
  title     = {Achieving accuracy and scalability simultaneously in detecting application
               clones on Android markets},
  booktitle = {36th International Conference on Software Engineering, {ICSE} '14,
               Hyderabad, India - May 31 - June 07, 2014},
  pages     = {175--186},
  year      = {2014},
  crossref  = {DBLP:conf/icse/2014},
  url       = {http://doi.acm.org/10.1145/2568225.2568286},
  doi       = {10.1145/2568225.2568286},
  timestamp = {Thu, 07 May 2015 20:01:12 +0200},
  biburl    = {http://dblp.uni-trier.de/rec/bib/conf/icse/ChenLZ14},
  bibsource = {dblp computer science bibliography, http://dblp.org}
}

@article{DBLP:journals/tse/QiuSM16,
  author    = {Jing Qiu and
               Xiaohong Su and
               Peijun Ma},
  title     = {Using Reduced Execution Flow Graph to Identify Library Functions in
               Binary Code},
  journal   = {{IEEE} Trans. Software Eng.},
  volume    = {42},
  number    = {2},
  pages     = {187--202},
  year      = {2016},
  url       = {http://dx.doi.org/10.1109/TSE.2015.2470241},
  doi       = {10.1109/TSE.2015.2470241},
  timestamp = {Thu, 17 Mar 2016 15:59:44 +0100},
  biburl    = {http://dblp.uni-trier.de/rec/bib/journals/tse/QiuSM16},
  bibsource = {dblp computer science bibliography, http://dblp.org}
}

@inproceedings{DBLP:conf/icse/Godefroid14,
  author    = {Patrice Godefroid},
  title     = {Micro execution},
  booktitle = {36th International Conference on Software Engineering, {ICSE} '14,
               Hyderabad, India - May 31 - June 07, 2014},
  pages     = {539--549},
  year      = {2014},
  crossref  = {DBLP:conf/icse/2014},
  url       = {http://doi.acm.org/10.1145/2568225.2568273},
  doi       = {10.1145/2568225.2568273},
  timestamp = {Sun, 18 May 2014 16:12:57 +0200},
  biburl    = {http://dblp.uni-trier.de/rec/bib/conf/icse/Godefroid14},
  bibsource = {dblp computer science bibliography, http://dblp.org}
}


@misc{unicorn,
  title = {Unicorn: the ultimate CPU emulator},
  howpublished = {\url{http://www.unicorn-engine.org/}},
  note = {Accessed: 2016-09-22}
}

@misc{gpl_vio,
  title = {The gpl-violations.org project},
  howpublished = {\url{http://gpl-violations.org/}},
  note = {Accessed: 2016-09-22}
}

@misc{vm_news,
  title = {VMware Lawsuit - Software Freedom Conservancy},
  howpublished = {https://sfconservancy.org/news/2015/mar/05/vmware-lawsuit/}},
  note = {Accessed: 2016-09-22}
}

@inproceedings{DBLP:conf/msr/HemelKVD11,
  author    = {Armijn Hemel and
               Karl Trygve Kalleberg and
               Rob Vermaas and
               Eelco Dolstra},
  title     = {Finding software license violations through binary code clone detection},
  booktitle = {Proceedings of the 8th International Working Conference on Mining
               Software Repositories, {MSR} 2011 (Co-located with ICSE), Waikiki,
               Honolulu, HI, USA, May 21-28, 2011, Proceedings},
  pages     = {63--72},
  year      = {2011},
  crossref  = {DBLP:conf/msr/2011},
  url       = {http://doi.acm.org/10.1145/1985441.1985453},
  doi       = {10.1145/1985441.1985453},
  timestamp = {Wed, 03 Feb 2016 18:18:52 +0100},
  biburl    = {http://dblp.uni-trier.de/rec/bib/conf/msr/HemelKVD11},
  bibsource = {dblp computer science bibliography, http://dblp.org}
}

@inproceedings{bingo,
  author    = { Mahinthan Chandramohan and
                Yinxing Xue and
                Zhengzi Xu and
                Yang Liu and
                Chia Yuan Choo and
                Hee Beng Kuan Tan},
  title     = {BinGo: Cross-Architecture Cross-OS Binary Search},
  booktitle = {Proceedings of 24th ACM SIGSOFT International Symposium on the Foundations of Software Engineering (FSE'16) },
  pages     = {to appear},
  year      = {2016}
}

@inproceedings{DBLP:conf/qsic/ChanC14,
  author    = {Patrick P. F. Chan and
               Christian S. Collberg},
  title     = {A Method to Evaluate {CFG} Comparison Algorithms},
  booktitle = {2014 14th International Conference on Quality Software, Allen, TX,
               USA, October 2-3, 2014},
  pages     = {95--104},
  year      = {2014},
  crossref  = {DBLP:conf/qsic/2014},
  url       = {http://dx.doi.org/10.1109/QSIC.2014.28},
  doi       = {10.1109/QSIC.2014.28},
  timestamp = {Tue, 02 Dec 2014 17:13:30 +0100},
  biburl    = {http://dblp.uni-trier.de/rec/bib/conf/qsic/ChanC14},
  bibsource = {dblp computer science bibliography, http://dblp.org}
}

@inproceedings{DBLP:conf/msr/HemelKVD11,
  author    = {Armijn Hemel and
               Karl Trygve Kalleberg and
               Rob Vermaas and
               Eelco Dolstra},
  title     = {Finding software license violations through binary code clone detection},
  booktitle = {Proceedings of the 8th International Working Conference on Mining
               Software Repositories, {MSR} 2011 (Co-located with ICSE), Waikiki,
               Honolulu, HI, USA, May 21-28, 2011, Proceedings},
  pages     = {63--72},
  year      = {2011},
  crossref  = {DBLP:conf/msr/2011},
  %url       = {http://doi.acm.org/10.1145/1985441.1985453},
  %doi       = {10.1145/1985441.1985453},
  %timestamp = {Wed, 03 Feb 2016 18:18:52 +0100},
  %biburl    = {http://dblp.uni-trier.de/rec/bib/conf/msr/HemelKVD11},
  %bibsource = {dblp computer science bibliography, http://dblp.org}
}

@inproceedings{3d-cfg,
  author    = {Kai Chen and
               Peng Liu and
               Yingjun Zhang},
  title     = {Achieving accuracy and scalability simultaneously in detecting application
               clones on Android markets},
  booktitle = {36th International Conference on Software Engineering, {ICSE} '14,
               Hyderabad, India - May 31 - June 07, 2014},
  pages     = {175--186},
  year      = {2014},
  crossref  = {DBLP:conf/icse/2014},
  %url       = {http://doi.acm.org/10.1145/2568225.2568286},
  %doi       = {10.1145/2568225.2568286},
  %timestamp = {Thu, 07 May 2015 20:01:12 +0200},
  %biburl    = {http://dblp.uni-trier.de/rec/bib/conf/icse/ChenLZ14},
  %bibsource = {dblp computer science bibliography, http://dblp.org}
}

@inproceedings{DBLP:conf/ecoop/ZhongXZPM09,
  author    = {Hao Zhong and
               Tao Xie and
               Lu Zhang and
               Jian Pei and
               Hong Mei},
  title     = {{MAPO:} Mining and Recommending {API} Usage Patterns},
  booktitle = {{ECOOP} 2009 - Object-Oriented Programming, 23rd European Conference,
               Genoa, Italy, July 6-10, 2009. Proceedings},
  pages     = {318--343},
  year      = {2009},
  crossref  = {DBLP:conf/ecoop/2009},
}

@inproceedings{DBLP:conf/issta/MengXXLZN16,
  author    = {Guozhu Meng and
               Yinxing Xue and
               Zhengzi Xu and
               Yang Liu and
               Jie Zhang and
               Annamalai Narayanan},
  title     = {Semantic modelling of Android malware for effective malware comprehension,
               detection, and classification},
  booktitle = {Proceedings of the 25th International Symposium on Software Testing
               and Analysis, {ISSTA} 2016, Saarbr{\"{u}}cken, Germany, July
               18-20, 2016},
  pages     = {306--317},
  year      = {2016},
  crossref  = {DBLP:conf/issta/2016},
}

@inproceedings{DBLP:conf/icse/KimJKY11,
  author    = {Heejung Kim and
               Yungbum Jung and
               Sunghun Kim and
               Kwangkeun Yi},
  title     = {MeCC: memory comparison-based clone detector},
  booktitle = {Proceedings of the 33rd International Conference on Software Engineering,
               {ICSE} 2011, Waikiki, Honolulu , HI, USA, May 21-28, 2011},
  pages     = {301--310},
  year      = {2011},
  crossref  = {DBLP:conf/icse/2011},
  url       = {http://doi.acm.org/10.1145/1985793.1985835},
  doi       = {10.1145/1985793.1985835},
  timestamp = {Wed, 04 Jan 2017 18:25:51 +0100},
  biburl    = {http://dblp.uni-trier.de/rec/bib/conf/icse/KimJKY11},
  bibsource = {dblp computer science bibliography, http://dblp.org}
}

@ARTICLE{cop-tse,
author={L. Luo and J. Ming and D. Wu and P. Liu and S. Zhu},
journal={IEEE Transactions on Software Engineering},
title={Semantics-Based Obfuscation-Resilient Binary Code Similarity Comparison with Applications to Software and Algorithm Plagiarism Detection},
year={2017},
volume={PP},
number={99},
pages={1-1},
keywords={Binary codes;Computational modeling;Plagiarism;Semantics;Software;Software algorithms;Syntactics;Software plagiarism detection;algorithm detection;binary code similarity comparison;obfuscation;symbolic execution;theorem proving},
doi={10.1109/TSE.2017.2655046},
ISSN={0098-5589},
month={},}

@inproceedings{DBLP:conf/wcre/HuZLG16,
  author    = {Yikun Hu and
               Yuanyuan Zhang and
               Juanru Li and
               Dawu Gu},
  title     = {Cross-Architecture Binary Semantics Understanding via Similar Code
               Comparison},
  booktitle = {{IEEE} 23rd International Conference on Software Analysis, Evolution,
               and Reengineering, {SANER} 2016, Suita, Osaka, Japan, March 14-18,
               2016 - Volume 1},
  pages     = {57--67},
  year      = {2016},
  crossref  = {DBLP:conf/wcre/2016},
  url       = {http://dx.doi.org/10.1109/SANER.2016.50},
  doi       = {10.1109/SANER.2016.50},
  timestamp = {Fri, 30 Dec 2016 17:31:39 +0100},
  biburl    = {http://dblp2.uni-trier.de/rec/bib/conf/wcre/HuZLG16},
  bibsource = {dblp computer science bibliography, http://dblp.org}
}

@inproceedings{DBLP:conf/uss/KolbitschCKKZW09,
  author    = {Clemens Kolbitsch and
               Paolo Milani Comparetti and
               Christopher Kruegel and
               Engin Kirda and
               Xiao{-}yong Zhou and
               XiaoFeng Wang},
  title     = {Effective and Efficient Malware Detection at the End Host},
  booktitle = {18th {USENIX} Security Symposium, Montreal, Canada, August 10-14,
               2009, Proceedings},
  pages     = {351--366},
  year      = {2009},
  crossref  = {DBLP:conf/uss/2009},
  url       = {http://www.usenix.org/events/sec09/tech/full_papers/kolbitsch.pdf},
  timestamp = {Thu, 15 May 2014 18:36:21 +0200},
  biburl    = {http://dblp.uni-trier.de/rec/bib/conf/uss/KolbitschCKKZW09},
  bibsource = {dblp computer science bibliography, http://dblp.org}
}

@inproceedings{DBLP:conf/issta/MengM16,
  author    = {Xiaozhu Meng and
               Barton P. Miller},
  title     = {Binary code is not easy},
  booktitle = {Proceedings of the 25th International Symposium on Software Testing
               and Analysis, {ISSTA} 2016, Saarbr{\"{u}}cken, Germany, July
               18-20, 2016},
  pages     = {24--35},
  year      = {2016},
  crossref  = {DBLP:conf/issta/2016},
  url       = {http://doi.acm.org/10.1145/2931037.2931047},
  doi       = {10.1145/2931037.2931047},
  timestamp = {Thu, 14 Jul 2016 15:39:00 +0200},
  biburl    = {http://dblp2.uni-trier.de/rec/bib/conf/issta/MengM16},
  bibsource = {dblp computer science bibliography, http://dblp.org}
}


@inproceedings{vuddy,
  author    = {Seulbae Kim an
                Seunghoon Woo and
                 Heejo Lee and
                 Hakjoo Oh},
  title     = {VUDDY: A Scalable Approach for Vulnerable Code Clone Discovery},
  booktitle = {Proceedings of the 38th IEEE Symposium on Security and Privacy},
  pages     = {to appear},
  year      = {2017},
  %crossref  = {DBLP:conf/issta/2016},
  url       = {http://ccs.korea.ac.kr/pds/SNP17.pdf},
  %doi       = {10.1145/2931037.2931047},
  %timestamp = {Thu, 14 Jul 2016 15:39:00 +0200},
  %biburl    = {http://dblp2.uni-trier.de/rec/bib/conf/issta/MengM16},
  %bibsource = {dblp computer science bibliography, http://dblp.org}
}
